@ARTICLE {Arellano:1991,
author = {Arellano, M. and Bond, S.},
title = {Some test of specication for panel
data:monte carlo evidence and an application to employment equation},
journal = {Review of Economic Studies},
year = {1991},
volume = {58},
pages = {277-297},
}


@ARTICLE {Arellano:1995,
author = {Arellano, M. and Bover, O.},
title = {Another look at the instrumental variable
estimation of error components models},
journal = {Journal of Econometrics},
year = {1995},
volume = {68},
pages = {29-51},
}

@ARTICLE {Anderson:1982,
author = {Anderson, W. and Hsiao, C.},
title = {Formulation and estimation of dynamic models using panel data},
journal = {Journal of Econometrics},
year = {1982},
volume = {18},
pages = {47-82},
}

@ARTICLE {Arellano:1989,
author = {Arellano, M.},
title = {A note on the Anderson-Hsiao estimator for panel data},
journal = {Economics Letters},
year = {1989},
volume = {31},
pages = {337-341},
}



@ARTICLE {Ahn:1995,
author = {Seung Ahn  and Peter Schmidt},
title = {Efficient estimation of models for dynamic panel data},
journal = {Journal of Econometrics},
year = {1995},
volume = {68},
pages = {5-27},
}


@ARTICLE {Blundell:1998,
author = {Richard Blundell and Stephen Bond},
title = {Initial conditions and moment restrictions in dynamic panel data models},
journal = {Journal of Econometrics},
year = {1998},
volume = {87},
pages = {115-143},
}

@ARTICLE {Bun:2010,
author = {Bun, M. J. G. and Windmeijer, F.},
title = {The weak instrument problem of the system GMM estimator in dynamic panel data models},
journal = {Econometrics Journal},
year = {2010},
volume = {13},
pages = {95-126},
}




@ARTICLE{Bai:2002,
author = {Bai, Jushan and Ng, Serena},
title = {Determining the Number of Factors in Approximate Factor Models},
journal = {Econometrica},
year = {2002},
volume = {70},
pages = {191-221},
}


@ARTICLE{,
author = {},
title = {},
journal = {},
year = {},
volume = {},
pages = {},
}




@ARTICLE {Bai:2009,
author = {Jushan Bai},
title = {Panel data models with interactive fixed effects},
journal = {Econometrica},
year = {2009},
volume = {77},
pages = {1229-1279},
}






@ARTICLE {Hayakawa:2009,
author = {Kazuhiko Hayakawa},
title = {On the effect of mean-nonstationarity in dynamic panel data models},
journal = {Journal of Econometrics},
year = {2009},
volume = {153},
pages = {133-135},
}






@ARTICLE {Hsiao:2002,
author = {Hsiao, Cheng and Hashem Pesaran, M. and Kamil Tahmiscioglu, A. },
title = {Maximum likelihood estimation of fixed effects dynamic panel data models covering short time periods},
journal = {Journal of Econometrics},
year = {2002},
volume = {109},
pages = {107-150},
}

@ARTICLE {HsiaoZhou:2018,
author = {Hsiao Cheng and Qiankun Zhou },
title = {Incidental parameters, initial conditions and sample size in statistical inference for dynamic panel data models},
journal = {Journal of Econometrics},
year = {2018},
volume = {207},
pages = {114-128},
}





@ARTICLE {Kruiniger:2008,
author = {Hugo Kruiniger},
title = {Maximum likelihood estimation and inference methods for the covariance stationary panel AR(1)/unit root model},
journal = {Journal of Econometrics},
year = {2008},
volume = {144},
pages = {447-464},
}


@ARTICLE {Kruiniger:2013,
author = { Hugo Kruiniger },
title = {Quasi ML estimation of the panel AR(1) model with arbitrary initial conditions},
journal = {Journal of Econometrics},
year = {2013},
volume = {173},
pages = {175–188},
}



@ARTICLE {Han:2013,
author = { Chirok Han and  Peter Phillips },
title = {First difference maximum likelihood and dynamic panel estimation},
journal = {Journal of Econometrics},
year = {2013},
volume = {175},
pages = {35–45},
}


@ARTICLE {Bun:2017,
author = { Maurice Bun and Martin A. Carree and Arturas Juodis},
title = {On maximum likelihood estimation of dynamic panel data models},
journal = {Oxford Bulletin of Economics and Statistics},
year = {2017},
volume = {79},
pages = {463-494},
}

@ARTICLE {Binder:2005,
author = { Michael Binder and Cheng Hsiao and M. Hashem Pesaran},
title = {Estimation and inference in short panel vector autoregression with unit root and cointegration },
journal = {Econometric Theory},
year = {2005},
volume = {21},
pages = {795-837},
}


@ARTICLE {Hayakawa:2015,
author = { Kazuhiko Hayakawa and M. Hashem Pesaran},
title = {Robust standard errors in transformed likelihood estimation of dynamic panel data models with cross-sectional heteroskedasticity},
journal = {Journal of Econometrics},
year = {2015},
volume = {188},
pages = {111-134},
}

@ARTICLE {Hsiao:2012,
author = { Cheng Hsiao and Steve Ching and Shui Ki Wan},
title = {A panel data approach for program evaluation: measuring the benefits of political and economic integration of Hong kong with mainland China},
journal = {Journal of Applied Econometrics},
year = {2012},
volume = {27},
pages = {705-740},
}


@ARTICLE {Hsiao:2015,
author = { Cheng Hsiao and Junwei Zhang},
title = {IV, GMM or likelihood approach to estimate dynamic panel models when either N or T or both are large},
journal = {Journal of Econometrics},
year = {2015},
volume = {187},
pages = {312-322},
}





@ARTICLE {Hsiao:2018,
author = { Cheng Hsiao},
title = {Panel models with interactive effects},
journal = {Journal of Econometrics},
year = {2018},
volume = {206},
pages = {645-673},
}






@ARTICLE {Holtz:1988,
author = {Douglas Holtz-Eakin and Whitney Newey and Harvey S. Rosen },
title = {Estimating Vector Autoregressions with Panel Data},
journal = {Econometrica},
year = {1988},
volume = {56},
pages = {1371-1395},
}








@ARTICLE {Nickell:1981,
author = {Stephen Nickell},
title = {Biases in dynamic models with fixed effects},
journal = {Econometrica},
year = {1981},
volume = {49},
pages = {1417-1426},
}



@ARTICLE{Juodis:2017,
author = {Arturas Juodis},
title = {First difference transformation in panel VAR models: Robustness, estimation, and inference},
journal = {Econometric Reviews},
year = {2018},
volume = {37},
pages = {650-693},
}


@ARTICLE{Moon:2015,
author = {Hyungsik Roger Moon and  Martin Weidner },
title = {Linear Regression for Panel With Unknown Number of Factors as Interactive Fixed Effects},
journal = {Econometrica},
year = {2015},
volume = {83},
pages = {1543-1579},
}




@ARTICLE{Moon:2017,
author = {Hyungsik Roger Moon and  Martin Weidner },
title = {Dynamic linear panel regression models with interactive fixed effects},
journal = {Econometric Theory},
year = {2017},
volume = {33},
pages = {158-195},
}



@ARTICLE{Onatski:2018,
author = {Alexei Onatski and  Chen Wang},
title = {Alternative Asymptotics for Cointegration Tests in Large VARs},
journal = {Econometrica},
year = {2018},
volume = {86},
pages = {1465-1478},
}



@ARTICLE{Harris:1999,
author = {Richard Harris and Elias Tzavalis },
title = {Inference for unit roots in dynamic panels where the time dimension is fixed},
journal = {Journal of Econometrics},
year = {1999},
volume = {91},
pages = {201-226},
}




@ARTICLE{Pesaran:2006,
author = {M. Hashem Pesaran },
title = {Estimation and Inference in Large Heterogeneous Panels with a Multifactor Error Structure},
journal = {Econometrica},
year = {2006},
volume = {74},
pages = {967-1012},
}




@ARTICLE{Chudik:2011,
author = {Chudik, Alexander and Pesaran, M. Hashem and Tosetti, Elisa},
title = {Weak and strong cross‐section dependence and estimation of large panels},
journal = {The Econometrics Journal},
year = {2011},
volume = {14},
pages = {C45-C90},
}


@ARTICLE{Kapetanios:2011,
author = {G. Kapetanios and M. Hashem Pesaran and T. Yamagata},
title = {Panels with non-stationary multifactor error structures},
journal = {Journal of Econometrics},
year = {2011},
volume = {160},
pages = {326 - 348},
}



@ARTICLE{Chudik:2015,
author = {Alexander Chudik and M. Hashem Pesaran},
title = {Common correlated effects estimation of heterogeneous dynamic panel data models with weakly exogenous regressors},
journal = {Journal of Econometrics},
year = {2015},
volume = {188},
pages = {393-420},
}



@ARTICLE{Pesaran:2013,
author = {M. Hashem Pesaran and L. Vanessa Smith and Takashi Yamagata},
title = {Panel unit root tests in the presence of a multifactor error structure},
journal = {Journal of Econometrics},
year = {2013},
volume = {175},
pages = {94 - 115},
}












@ARTICLE{Huang:2008,
author = {Xiao Huang},
title = {Panel vector autoregression under cross-sectional dependence},
journal = {Econometrics Journal},
year = {2008},
volume = {11},
pages = {219-243},
}











@unpublished {Hayakawa:2018,
author = {Kazuhiko Hayakawa and M. Hashem Pesaran and L. Vanessa Smith},
title = {Short T dynamic panel data models with individual and interactive time effects},
year = {2018},
note  = {Working paper},
}





@unpublished{Chudik:2017,
author = {Alexander Chudik and M. Hashem Pesaran},
title = {A bias-corrected method of moments approach to estimation of dynamic short-T panel},
school={USC},
note  = {USC-INET Research Paper No 17-26},
year = {2017},
}


@unpublished{Bai:2013,
author = { Jushan Bai  },
title = {Likelihood approach to dynamic panel data models with interactive effects},
school={USC},
note  = {Working paper},
year = {2013},
}


@unpublished{Canova:2013,
author = {Fabio Canova and Matteo Ciccarelli   },
title = {Panel Vector Autoregressive Models: A Survey},
school={ECB},
note  = {Working paper No. 1507},
year = {2013},
}





@unpublished{Mutl:2009,
author = { Jan Mutl },
title = {Panel VAR Models with Spatial Dependence},
school={Institute for Advanced Studies},
note  = {Working paper},
year = {2009},
}

@unpublished{Ahn:2006,
author = { Seung C. Ahn and Gareth M. Thomas  },
title = {Likelihood Based Inference for Dynamic Panel Data Models},
year = {2006},
note  = {Working paper},
}


@unpublished{Alvarez:2004,
author = { Javier Alvarez and Manuel Arellano },
title = {Robust likelihood estimation of dynamic panel data models},
year = {2004},
note    = "Working paper",
}
